<?xml version="1.0" encoding="UTF-8"?><collection xmlns="http://www.loc.gov/MARC21/slim"><record><leader>00357nam--2200109-i-4500</leader><controlfield tag="001">000003378</controlfield><controlfield tag="002">20161230</controlfield><controlfield tag="005">20161230201025</controlfield><controlfield tag="008">060222s1000------------r-----000-0-eng-d</controlfield><datafield ind1=" " ind2=" " tag="100"><subfield code="a">Bradincourt, M.Et Roussilhe, M</subfield></datafield><datafield ind1=" " ind2=" " tag="245"><subfield code="a">Tables a 8 decimales ... calculees sous la dir ection de roussilhe ... bradincourt .... paris, section de geodesie, 1925</subfield></datafield><datafield ind1=" " ind2=" " tag="260"><subfield code="a">Pag.Dif</subfield></datafield></record></collection>